<record><leader>00000cas a22000007a 4500</leader><controlfield tag="001">19227462</controlfield><controlfield tag="008">890216d19752010nduwr ne      0    0eng d</controlfield><datafield ind1=" " ind2=" " tag="010"><subfield code="a">sn 88076766 </subfield></datafield><datafield ind1=" " ind2=" " tag="040"><subfield code="a">NOP</subfield><subfield code="b">eng</subfield><subfield code="c">NOP</subfield><subfield code="d">NSD</subfield><subfield code="d">HND</subfield><subfield code="d">OCLCQ</subfield></datafield><datafield ind1=" " ind2=" " tag="042"><subfield code="a">msc</subfield></datafield><datafield ind1="0" ind2="4" tag="245"><subfield code="a">The nor'wester.</subfield></datafield><datafield ind1=" " ind2=" " tag="260"><subfield code="a">Fordville, N.D. :</subfield><subfield code="b">Ness Press,</subfield><subfield code="c">1975-2010.</subfield></datafield><datafield ind1=" " ind2=" " tag="300"><subfield code="a">v. :</subfield><subfield code="b">ill. ;</subfield><subfield code="c">42 cm.</subfield></datafield><datafield ind1=" " ind2=" " tag="310"><subfield code="a">Weekly</subfield></datafield><datafield ind1="0" ind2=" " tag="362"><subfield code="a">Vol. 1, no. 1 (Dec. 1, 1975)-Nov. 22, 2010.</subfield></datafield><datafield ind1=" " ind2=" " tag="530"><subfield code="a">Available on microfilm from the State Historical Society of North Dakota.</subfield></datafield><datafield ind1=" " ind2=" " tag="752"><subfield code="a">United States</subfield><subfield code="b">North Dakota</subfield><subfield code="c">Walsh</subfield><subfield code="d">Fordville.</subfield></datafield><datafield ind1="0" ind2=" " tag="772"><subfield code="t">Lakota American</subfield><subfield code="w">(DLC)sn 88076354</subfield></datafield><datafield ind1="0" ind2=" " tag="772"><subfield code="t">Cavalier chronicle</subfield><subfield code="x">1088-2685</subfield><subfield code="w">(DLC)sn 88076977</subfield></datafield><datafield ind1="0" ind2=" " tag="772"><subfield code="t">Hallock enterprise</subfield></datafield><datafield ind1="0" ind2=" " tag="772"><subfield code="t">Walhalla mountaineer</subfield><subfield code="w">(DLC)sn 88076743</subfield></datafield><datafield ind1="0" ind2=" " tag="772"><subfield code="t">Larimore pioneer</subfield><subfield code="w">(DLC)sn 89074023</subfield></datafield><datafield ind1="0" ind2=" " tag="772"><subfield code="t">Grafton record</subfield><subfield code="w">(DLC)sn 88076730</subfield></datafield><datafield ind1="0" ind2=" " tag="772"><subfield code="t">Warren sheaf</subfield><subfield code="w">(OCoLC)1696330</subfield></datafield><datafield ind1="0" ind2=" " tag="772"><subfield code="t">Steele County press</subfield><subfield code="w">(DLC)sn 88076454</subfield></datafield><datafield ind1="0" ind2=" " tag="772"><subfield code="t">Valley news and views (Drayton, N.D.)</subfield><subfield code="w">(DLC)sn 88076986</subfield></datafield><datafield ind1="0" ind2=" " tag="772"><subfield code="t">Hillsboro banner</subfield><subfield code="w">(DLC)sn 88076399</subfield></datafield><datafield ind1="0" ind2=" " tag="772"><subfield code="t">Cavalier County Republican</subfield><subfield code="w">(DLC)sn 88076435</subfield></datafield><datafield ind1="0" ind2=" " tag="772"><subfield code="t">Record (Grafton, N.D.)</subfield><subfield code="w">(DLC)sn 84007775</subfield></datafield><datafield ind1="0" ind2=" " tag="772"><subfield code="t">Hatton free press</subfield><subfield code="w">(DLC)sn 85042587</subfield></datafield></record>